<record><leader>00000cas a2200000   4500</leader><controlfield tag="001">5357027</controlfield><controlfield tag="008">790910c197u9999wiuwr ne      0   a0eng d</controlfield><controlfield tag="009">467</controlfield><datafield ind1=" " ind2=" " tag="010"><subfield code="a">sn 79008497 </subfield></datafield><datafield ind1=" " ind2=" " tag="040"><subfield code="a">NSD</subfield><subfield code="b">eng</subfield><subfield code="c">NSD</subfield><subfield code="d">OCL</subfield><subfield code="d">OCLCQ</subfield></datafield><datafield ind1=" " ind2=" " tag="012"><subfield code="k">1</subfield><subfield code="m">d</subfield></datafield><datafield ind1="1" ind2=" " tag="022"><subfield code="a">0194-1712</subfield><subfield code="l">0194-1712</subfield><subfield code="2">1</subfield></datafield><datafield ind1=" " ind2=" " tag="032"><subfield code="a">368890</subfield><subfield code="b">USPS</subfield></datafield><datafield ind1=" " ind2=" " tag="042"><subfield code="a">nsdp</subfield></datafield><datafield ind1=" " ind2="0" tag="222"><subfield code="a">Our town</subfield><subfield code="b">(Rhinelander)</subfield></datafield><datafield ind1="0" ind2="0" tag="245"><subfield code="a">Our town.</subfield></datafield><datafield ind1=" " ind2=" " tag="260"><subfield code="a">[Rhinelander, WI,</subfield><subfield code="b">Hodag Lithography]</subfield></datafield><datafield ind1=" " ind2=" " tag="936"><subfield code="a">Apr. 8, 1979</subfield></datafield></record>